<?xml version="1.0" encoding="UTF-8"?>
<collection xmlns:xsi="http://www.w3.org/2001/XMLSchema-instance" xsi:schemaLocation="http://www.loc.gov/MARC21/slim http://www.loc.gov/standards/marcxml/schema/MARC21slim.xsd" xmlns="http://www.loc.gov/MARC21/slim">
<record>
  <leader>01049cam a22002651  4500</leader>
  <controlfield tag="001">3058936</controlfield>
  <controlfield tag="003">NNC</controlfield>
  <controlfield tag="005">20130426014650.0</controlfield>
  <controlfield tag="008">870427s1934    ir       b    000 0 arard</controlfield>
  <datafield tag="035" ind1=" " ind2=" ">
    <subfield code="a">(OCoLC)ocm15597828</subfield>
  </datafield>
  <datafield tag="035" ind1=" " ind2=" ">
    <subfield code="9">ATM7543CU</subfield>
  </datafield>
  <datafield tag="035" ind1=" " ind2=" ">
    <subfield code="a">(NNC)3058936</subfield>
  </datafield>
  <datafield tag="040" ind1=" " ind2=" ">
    <subfield code="a">WAU</subfield>
    <subfield code="c">WAU</subfield>
    <subfield code="d">ZCU</subfield>
  </datafield>
  <datafield tag="099" ind1=" " ind2=" ">
    <subfield code="a">893.796</subfield>
    <subfield code="a">T8731</subfield>
  </datafield>
  <datafield tag="100" ind1="1" ind2=" ">
    <subfield code="a">Ibn Shahrāshūb, Rashīd al-Dīn Muḥammad ibn ʻAlī,</subfield>
    <subfield code="d">-1192.</subfield>
  </datafield>
  <datafield tag="245" ind1="1" ind2="0">
    <subfield code="a">Kitāb maʻālim al-ʻulamāʾ fī fihrist kutub al-muṣannifīn minhum qadīman wa-ḥadīthan.</subfield>
    <subfield code="b">Tatimat Kitāb al-Fihrist [li-] Abī Jaʻfar al-Ṭūsī.</subfield>
  </datafield>
  <datafield tag="260" ind1=" " ind2=" ">
    <subfield code="a">Tehran,</subfield>
    <subfield code="b">Maṭbaʻat Faradīn,</subfield>
    <subfield code="c">1353 [1934]</subfield>
  </datafield>
  <datafield tag="300" ind1=" " ind2=" ">
    <subfield code="a">142 p.</subfield>
  </datafield>
  <datafield tag="500" ind1=" " ind2=" ">
    <subfield code="a">Added cover title in English: Maâlim ul-ulamâ, bibliography of the Shyʾahs (Supplement to Tusy's Fihrist).</subfield>
  </datafield>
  <datafield tag="500" ind1=" " ind2=" ">
    <subfield code="a">Edited by ʻAbbās Iqbal.</subfield>
  </datafield>
  <datafield tag="650" ind1=" " ind2="0">
    <subfield code="a">Shiites</subfield>
    <subfield code="v">Bibliography.</subfield>
  </datafield>
  <datafield tag="700" ind1="1" ind2=" ">
    <subfield code="a">Ṭūsī, Muḥammad ibn al-Ḥasan,</subfield>
    <subfield code="d">995-1067?</subfield>
    <subfield code="t">Fihrist.</subfield>
  </datafield>
  <datafield tag="700" ind1="1" ind2=" ">
    <subfield code="a">Iqbāl, ʻAbbās,</subfield>
    <subfield code="d">-1955.</subfield>
  </datafield>
  <datafield tag="740" ind1="0" ind2="1">
    <subfield code="a">Maʻālim al-ulamāʾ.</subfield>
  </datafield>
  <datafield tag="955" ind1=" " ind2=" ">
    <subfield code="b">CU58836926</subfield>
    <subfield code="d">off,glx</subfield>
    <subfield code="e">893.796 T8731</subfield>
  </datafield>
</record>
</collection>